<record><leader>00000cas a22000007a 4500</leader><controlfield tag="001">19696955</controlfield><controlfield tag="008">890512d19171920gauwr ne      0    0eng d</controlfield><datafield ind1=" " ind2=" " tag="010"><subfield code="a">sn 89053594 </subfield></datafield><datafield ind1=" " ind2=" " tag="040"><subfield code="a">NLG</subfield><subfield code="b">eng</subfield><subfield code="c">NLG</subfield><subfield code="d">GUA</subfield><subfield code="d">OCLCQ</subfield><subfield code="d">OCLCF</subfield><subfield code="d">OCLCO</subfield></datafield><datafield ind1="1" ind2=" " tag="029"><subfield code="a">AU@</subfield><subfield code="b">000026275802</subfield></datafield><datafield ind1=" " ind2=" " tag="042"><subfield code="a">msc</subfield></datafield><datafield ind1=" " ind2=" " tag="043"><subfield code="a">n-us-ga</subfield></datafield><datafield ind1="0" ind2="0" tag="245"><subfield code="a">Bulloch times and Statesboro news.</subfield></datafield><datafield ind1=" " ind2=" " tag="260"><subfield code="a">Statesboro, Ga. :</subfield><subfield code="b">D.B. Turner,</subfield><subfield code="c">[1917-1920]</subfield></datafield><datafield ind1=" " ind2=" " tag="300"><subfield code="a">v.</subfield></datafield><datafield ind1=" " ind2=" " tag="310"><subfield code="a">Weekly</subfield></datafield><datafield ind1="0" ind2=" " tag="362"><subfield code="a">Vol. 25, no. 46 (Jan. 25, 1917)-v. 29, no. 36 (Dec. 2, 1920).</subfield></datafield><datafield ind1=" " ind2=" " tag="530"><subfield code="a">Also on microfilm: Athens, Ga. : University of Georgia Libraries.</subfield></datafield><datafield ind1=" " ind2=" " tag="530"><subfield code="a">Formed by the union of: Bulloch times (Statesboro, Ga. : 1893), and: Statesboro news.</subfield></datafield><datafield ind1=" " ind2=" " tag="530"><subfield code="a">Merged with: Statesboro eagle, to form: Bulloch times Statesboro news-Statesboro eagle.</subfield></datafield><datafield ind1=" " ind2="0" tag="651"><subfield code="a">Statesboro (Ga.)</subfield><subfield code="v">Newspapers.</subfield></datafield><datafield ind1=" " ind2="0" tag="651"><subfield code="a">Bulloch County (Ga.)</subfield><subfield code="v">Newspapers.</subfield></datafield><datafield ind1=" " ind2="7" tag="655"><subfield code="a">Newspapers.</subfield><subfield code="2">fast</subfield><subfield code="0">(OCoLC)fst01423814</subfield></datafield><datafield ind1=" " ind2="7" tag="651"><subfield code="a">Georgia</subfield><subfield code="z">Bulloch County.</subfield><subfield code="2">fast</subfield><subfield code="0">(OCoLC)fst01213145</subfield></datafield><datafield ind1=" " ind2="7" tag="651"><subfield code="a">Georgia</subfield><subfield code="z">Statesboro.</subfield><subfield code="2">fast</subfield><subfield code="0">(OCoLC)fst01218175</subfield></datafield><datafield ind1=" " ind2=" " tag="752"><subfield code="a">United States</subfield><subfield code="b">Georgia</subfield><subfield code="c">Bulloch</subfield><subfield code="d">Statesboro.</subfield></datafield><datafield ind1="1" ind2="4" tag="780"><subfield code="t">Bulloch times (Statesboro, Ga. : 1893)</subfield><subfield code="w">(DLC)sn 89053596</subfield><subfield code="w">(OCoLC)19696947</subfield></datafield><datafield ind1="1" ind2="4" tag="780"><subfield code="t">Statesboro news</subfield><subfield code="w">(DLC)sn 89053593</subfield><subfield code="w">(OCoLC)19696941</subfield></datafield><datafield ind1="1" ind2="7" tag="785"><subfield code="t">Statesboro eagle (Statesboro, Ga. : 1917)</subfield></datafield><datafield ind1="1" ind2="7" tag="785"><subfield code="t">Bulloch times Statesboro news-Statesboro eagle</subfield><subfield code="w">(DLC)sn 89053595</subfield><subfield code="w">(OCoLC)19696962</subfield></datafield></record>